1015 1566
210 160 38 46 86

380 161 283 42 DROIT COUTUMIER OSSÉTIEN.

209 208 625 43 généralement qu’avec le concours d’un plus ou moins grand

207 240 623 41 nombre d’individus du même sang, la terre, de son côté,

207 267 626 42 ne fut utilisée à l’origine que par le travail réuni des

207 298 626 41 membres du même clan ou de la même gens. Tout ce que

207 326 627 43 nous savons du mode d’existence des peuples pasteurs et

207 358 626 37 agriculteurs nous met en présence de travaux faits en

207 381 626 47 commun par des personnes unies d’abord par les liens

206 413 627 38 du sang, puis par ceux du voisinage. L'exemple des pion-

206 443 626 38 niers européens en Amérique, que l’on cite ordinairement

206 472 624 40 pour prouver que la vraie origine de la propriété privée

206 499 626 41 est l’exploitation individuelle de la terre, est loin d’être

205 528 625 39 convainquant. Ces pionniers sont, en effet, tous sortis d’une

205 555 624 45 société que l’on ne peut guère regarder comme primitive.

205 584 627 41 Les témoignages historiques qui nous sont parvenus au

205 614 625 39 sujet des Germains et des Celtes, ainsi que les descriptions

205 643 625 40 que les voyageurs nous donnent du mode d’existence des

205 673 624 36 tribus barbares, concordent entre eux pour prouver que

203 700 627 41 l’élevage du bétail et l’ensemencement de la terre étaient

203 730 626 37 à l’origine faits en commun par des groupes de parents —

203 762 626 32 gentes et cognationes hominum, — pour nous servir d’une

203 788 627 38 expression de César. Dans de pareilles conditions il aurait

203 814 626 40 été difficile de trouver un terrain qui ne fût point la pro-

203 848 626 38 priété de quelque clan ou de quelque tribu, et la notion

203 870 623 42 de terrains vagues devait nécessairement faire défaut.

202 904 627 36 Chasseurs et pasteurs les peuples primitifs étendent leur

203 933 625 37 domination sur de vastes territoires, qui, laissés souvent

202 963 626 37 sans culture, sont néanmoins considérés être en leur

202 986 626 39 défense. Dans ces conditions on conçoit pourquoi l’occu-

201 1019 627 36 patio de l’ancien droit fut moins une occupation privée

203 1050 625 35 qu’une occupation collective faite par des groupes entiers

201 1076 627 37 d’individus, liés par le sang. Elle était de plus une occu-

203 1107 623 34 pation moins agricole que militaire. Les clans et leurs ra-

202 1134 624 37 mifications se considéraient comme propriétaires de tout le

201 1157 624 40 territoire qu’elles défendaient par la force des armes. Je

202 1188 623 38 me demande comment l’occupation privée, dont parlent

202 1218 623 49 certains historiens du droit eût été possible, alors que la
