1005 1566
790 181 36 46 83

274 173 477 50 CHAP. II. REGIME DES BIENS CHEZ LES OSSETES.

194 217 630 51 sa propre initiative, et si le travail lui a été impose par la

197 249 627 45 famille. Ainsi on admet généralement que celui qui a quitté

195 268 631 56 sa famille, sur l'ordre du doyen ou chef de la commu-

195 306 629 51 nauté, dans le but de gagner de l’argent, est obligé, à son

194 335 626 51 retour, de remettre à la communauté tout ce qu’il a gagné.

194 364 625 53 Celui qui, au contraire, s’est éloigné de sa propre volonté,

194 394 628 47 pour aller exercer un métier au dehors, a le droit de ne

193 424 629 45 rien donner au « feu. » C’est encore en vertu de ce prin-

193 452 626 46 cipe que les cadeaux que l’on fait aux prêtres, à l’occasion

190 481 630 47 d’une noce, d’un baptême ou d’un enterrement, sont con-

190 508 629 51 sidérés comme leur bénéfice exclusif. Par contre, l’argent

190 541 629 43 qu’ils prélèvent comme honoraires-casuels sur les habi-

190 567 628 47 tants appartient à tout le « feu. » Il est nécessaire de ne

189 600 629 43 pas oublier que la communauté familiale a le droit de ré-

187 623 630 49 gler les occupations de chacun de ses membres, et que

187 656 630 46 celui d’entre eux qui veut se faire prêtre ne le peut qu’a-

187 685 245 35 vec son consentement.

211 708 604 48 Dans les familles paysannes de la Grande-Russie, les

185 743 629 42 colporteurs de mercerie s’efforcent, et on le comprend

185 769 628 45 d’ailleurs fort bien, de conserver pour eux seuls les béné-

185 796 629 47 fices qu’ils retirent de leur commerce. De là naissent des

184 829 629 44 querelles qui sont, on le sait, une des causes les plus fré-

182 861 628 44 quentes des partages et de la dissolution des « feux. »

182 886 628 43 M. Kharouzine, a recueilli sur ce point des faits intéres-

181 918 628 45 sants relatifs aux communes cosaques. Même à l’époque où

180 946 631 40 le communisme familial était encore en plein épanouisse-

180 977 629 39 ment, les femmes gardaient pour elles l’argent qu’elles

180 1004 629 45 retiraient de ce qu’elles avaient filé et tissé. Pendant l’hi-

181 1033 628 43 ver, dit M. Timochenko, elles filent de la laine et tissent

180 1059 627 45 du drap qu’elles vendent ensuite à la foire. L’argent gagné

178 1092 627 43 de la sorte, « l’argent de drap, » comme on l’appelle ici,

178 1119 582 42 est dépensé par les femmes, suivant leur bon plaisir (1).

199 1144 607 46 Avant l’époque où il fut soumis à l’influence des légis-

193 1209 611 58 (1) Renseignements sur les communes cosaques du Don, Kharouzine,

174 1237 66 39 p. 225.
