1005 1566
787 167 37 50 85

270 161 480 46 CHAP. II. REGIME DES BIENS CHEZ LES OSSÈTES.

194 216 630 35 en commun par les membres d’un même «feu. » Il nous

193 240 629 41 reste maintenant à nous occuper des différentes mani-

193 267 630 40 festations de l’individualisme dans le domaine de la pro-

191 300 631 37 priété, c’est-à-dire à retracer les origines et le dévelop-

191 323 631 48 pement de la propriété privée. Parlons d’abord de la

191 353 629 43 propriété mobilière. La possession privée des biens meu-

191 386 629 42 bles se développa non seulement grâce aux progrès de la

190 413 628 45 division du travail au sein des communautés familiales,

190 442 629 42 comme le pense à tort M. Zieber, mais aussi à raison de la

190 471 630 41 moindre importance qu’on arriva à attacher, avec le

190 499 629 42 temps, aux liens du sang. En soutenant que la division

189 532 629 39 du travail est la source unique de l’individualisation des

190 558 628 42 biens, M. Zieber perd complètement de vue un fait incon-

189 587 628 44 testable. Les produits du travail personnel étant régu-

189 614 628 45 lièrement versés dans la caisse commune ont commencé

187 648 627 37 par enrichir d’abord toute la famille; l’influence du fac-

187 674 627 41 teur qu’il nous montre ne put donc se faire sentir qu’a-

186 707 629 40 près que les liens du sang eurent déjà beaucoup perdu

185 734 629 42 de leur importance primitive, c’est-à-dire au moment où

185 764 629 35 apparurent, au sein des communautés familiales, les pre-

185 792 629 36 mières tendances aux partages. De tous les objets qu’un

184 822 629 35 particulier acquiert par son travail, ceux-là seuls, qui ne

184 849 626 41 pouvaient être utilisés à la fois que par un seul individu,

182 876 631 40 ont été, de tous temps, considérés comme lui appartenant

185 909 120 33 en propre.

206 935 607 34 On fait généralement remonter l’origine du droit de

181 964 629 36 propriété non seulement sur les meubles, mais encore sur

182 989 628 40 les immeubles, à l’appropriation individuelle des produits

180 1020 630 37 du travail personnel. La prise de possession d’un lot de

181 1045 629 40 terrain non cultivé, que nous la désignons par le terme

180 1079 627 35 romain exartum, ou par les mots germains bifany et neu-

180 1106 627 37 bruch, est ordinairement considérée comme la source pre-

180 1134 629 39 mière de la propriété immobilière privée. Nous ne saurions

180 1158 627 41 admettre sans restrictions une pareille hypothèse. Si, chez

180 1188 629 40 les tribus sauvages et barbares la chasse, avec son double

181 1217 625 48 caractère de guerre aux hommes et aux fauves, ne se fait
