4266 6582
1745 713 1203 159 DROIT COUTUMIER OSSÉTIEN.

1037 685 154 170 78

1021 877 2635 181 aliments et les vêtements furent autrefois possédés en com-

1021 1020 2619 164 mun par les familles réunies dans une même demeure.

1015 1129 2630 176 J’ai déjà eu l’occasion d’attirer l’attention des érudits sur

1015 1261 2636 181 ce sujet dans un de mes ouvrages précédents. Les faits que

1004 1393 2636 164 j'ai cités pour appuyer ma manière de voir ont été, dans

1010 1519 2635 170 ces derniers temps, complétés et corroborés par toute une

1004 1629 2630 170 série de nouveaux exemples laborieusement recherchés par

999 1755 2619 175 M. Ziber (1). On trouve dans les chapitres de son ouvrage,

999 1870 2630 164 consacrés à la question de la chasse primitive, de nom-

993 1980 2647 197 breuses observations prouvant que ce qui avait été produit

993 2117 2625 170 en commun devenait invariablement propriété commune;

993 2243 2630 153 ainsi, la chair et la fourrure des animaux sauvages appar-

993 2342 2625 170 tenaient à tous ceux qui avaient pris part à la chasse. L’é-

988 2479 2630 159 tude des règlements observés par les pêcheurs, lorsqu’ils

977 2599 2630 170 s’emparent d’une baleine ou d’un grand poisson de mer,

977 2715 2641 170 nous conduit à une conclusion identique. Ce qui provient

971 2841 2641 186 de la pêche appartient aussi à tous ceux qui y ont pris

982 2978 368 148 part (2).

1076 3082 2525 159 La guerre, sorte de chasse à l’homme, exige, évidem-

966 3208 2635 170 ment et avant tout, le concours de tous. Voilà pourquoi

955 3307 2641 181 le butin, bétail et esclaves des deux sexes, étaient objets

955 3444 2635 176 de possession commune. Il suit de tout ce que nous avons

955 3570 2641 181 dit, qu’à l’origine de la société, les seuls objets soumis

944 3680 2641 170 à l’appropriation privée furent les armes, dont la produc-

949 3817 2636 170 tion exigeait l’application du travail individuel. Nous

944 3943 2641 148 savons, d’ailleurs, que ces armes n’étaient que des mor-

944 4064 2635 153 ceaux de pierre ou des os à peine travaillés, qui se trou-

949 4185 2630 148 vaient en si grande quantité que chacun pouvait se les ap-

938 4316 2641 137 proprier sans soulever de contestation. Nous avons, par

933 4409 2641 170 conséquent, le droit de dire qu’au commencement des

933 4547 2641 153 sociétés, les meubles aussi bien que les immeubles étaient

933 4656 2641 187 possédés en commun. Nous ne voulons pas dire par là que

1004 4876 2564 170 (1) Voyez l’ouvrage de M. Ziber, intitulé l’Économie primitive et publié

927 4963 884 138 en russe à Moscou, 1885.

1004 5057 2553 197 (2) Voir les faits que Rink a communiqués à ce sujet, The folktales of the

938 5150 324 153 Eskimo.
