4266 6521
3314 717 153 168 81

1119 679 2043 185 CHAP. II. REGIME DES BIENS CHEZ LES OSSETES.

815 896 2657 169 pays ennemi, des discordes sans fin s’élèvent dans le feu

815 1021 2657 163 de son père. Le doyen d’âge, son frère, et ses deux fils qui

815 1124 2668 169 sont restés à la maison, se disputent chaque jour pour

815 1260 2668 163 savoir à qui appartiendront les jeunes filles qui seront ra-

815 1391 2657 157 menées prisonnières. Mais voici que Kaouerbek, mira-

815 1510 2673 174 culeusement guéri des blessures que ses frères lui avaient

815 1635 2668 169 faites, retourne sain et sauf au foyer natal accompagné

815 1749 2657 174 de plusieurs vierges qu’il a enlevées aux tribus voisines.

815 1874 2663 174 Il les donne immédiatement en mariage à ses oncles et à

809 2010 2669 152 ses frères suivant le désir de chacun. Seul, son vieux

815 2135 2657 147 père, n’avait point sa part de butin. Le héros se remet en

815 2255 2657 141 campagne et ramène bientôt une beauté parfaite qu’on ne

815 2385 2657 158 pouvait se lasser d’admirer et qu’il donne pour femme à

809 2505 2663 141 son père (1). » Ainsi chacun vivant dans la dépendance de

809 2613 2663 152 la communauté familiale, tous les gains particuliers étaient

809 2744 2663 168 primitivement adaptés à l’usage commun, même ceux qui

820 2874 1821 152 provenaient de la chasse et de la guerre.

907 2988 2571 152 Cependant les anciennes législations aryennes et en par-

809 3108 2663 152 ticulier le droit Hindou et celui des Celtes de l’Irlande, les

809 3233 2663 152 coutumes contemporaines des Slaves du sud et des paysans

809 3358 2663 141 de la Grande-Russie, nous montrent déjà de très nom-

815 3461 2652 163 breuses exceptions à cette règle. Les tribunaux anglo-in-

809 3586 2663 163 diens fort scrupuleux dans l’application de la coutume in-

809 3727 2663 158 digène, établissent une distinction à laquelle nous avons

815 3858 2652 141 déjà fait allusion. Ce qu’une personne acquiert par son ca-

815 3972 2657 157 pital privé lui reste propre : elle n’est point tenue de le

809 4102 2663 147 partager; ce qu’elle acquiert, au contraire, au moyen du ca-

809 4222 2663 157 pital de la famille tombe dans le patrimoine commun. Con-

809 4336 2663 163 formément à cet usage, la législation indoue reconnaît

804 4461 2668 152 comme appartenant individuellement aux brahmanes, les

809 4575 2658 163 honoraires que leur payent leurs élèves, et tous les cadeaux

809 4700 2663 152 qu’ils reçoivent; on les considère comme le produit d’un

809 4820 2658 179 travail séparé obtenu sans l’aide de capitaux fournis par la

880 5102 2592 163 (1) Voir les Renseignements sur les montagnards du Caucase, 9e li-

820 5189 1799 179 vraison, récit concernant Kaouerbek, p. 40 et suiv.

1037 5320 577 211 OSSETES. — T.I.
