1015 1566
380 163 287 41 DROIT COUTUMIER OSSÉTIEN.

211 159 34 45 84

207 87 637 158 lations étrangères, le droit ossète n'admettait aucune ex-

210 241 624 34 ception à la règle qui faisait tomber dans la communauté

209 263 625 41 du « feu » les bénéfices recueillis par les particuliers. Les

209 300 624 37 prisonniers de guerre devenaient, en Ossétie, les esclaves

210 328 623 37 non de tel ou tel individu, mais de la communauté fami-

211 356 623 38 liale; le fruit de leurs travaux, comme celui des femmes

211 391 623 31 qui sont presque seules astreintes au travail manuel, en-

211 413 625 39 trait dans la caisse commune (1). M. Pfaff se trompe quand

210 448 624 34 il soutient que le butin, provenant de la guerre, était, de

209 475 625 32 temps immémorial, la propriété de celui qui l’avait rap-

209 505 625 36 porté. J’ai déjà démontré plus haut que le souvenir d’un

209 532 625 35 ordre de choses tout à fait différent s’est conservé dans les

209 561 625 32 légendes populaires. Ce qui est vrai, c’est que certaines

209 583 625 43 parties de ce butin, de même que certains produits de la

209 618 625 35 chasse, furent soumis plus tôt que d’autres objets à l’appro-

207 642 626 41 priation individuelle. On doit regarder comme tels : les

211 677 622 31 armes que portait l’ennemi, les cornes et les peaux de l’élan

206 698 627 41 et de l’auroch. Aussi le chasseur admet-il que l’animal

209 733 624 35 qu’il a tué soit partagé également entre lui et tous ses com-

210 763 624 35 pagnons. Il assiste tranquillement à ce partage et ne réserve

211 790 621 37 à son usage exclusif que les cornes et les peaux de la bête.

210 816 624 38 Les objets que je viens d’énumérer, ne peuvent servir en

211 846 623 37 même temps qu’à une seule personne, et telle est proba-

210 874 624 38 blement la cause de leur appropriation individuelle. Si, à

210 901 623 35 l’heure qu’il est, le maître d’école et le prêtre gardent ré-

210 931 623 39 gulièrement pour eux tout ce qu’ils gagnent dans l’exer-

210 961 626 36 cice de leurs fonctions, c’est qu’ils s’abstiennent l’un et

209 985 625 36 l’autre de vivre en communauté avec leurs parents. Ils font

210 1019 624 35 ménage à part, et doivent jouir en conséquence de la

210 1045 624 36 liberté de conserver leurs bénéfices pour eux seuls et de les

211 1074 623 33 appliquer exclusivement à leurs propres besoins. Cette

211 1104 622 33 liberté, la coutume la garantit à tous ceux qui se sont sé-

212 1131 270 38 parés de la communauté.

236 1160 598 49 Nous n’avons parlé jusqu’ici que de la propriété possédée

224 1222 187 39 (1) Voir Pfaff, p. 292.
