4266 6648
3246 747 133 183 79

1019 720 2055 199 CHAP. II. REGIME DES BIENS CHEZ LES OSSETES.

686 930 2699 172 l’ethnographie et l’histoire nous fournissent l’exemple de

714 1069 2660 177 peuples ignorant complètement toute propriété privée;

714 1207 2671 144 nous voulons simplement faire entendre que dans le droit

709 1312 2676 156 ancien et la coutume de plus d’un peuple, on trouve de

709 1457 2670 144 nombreux vestiges d’une période reculée, pendant laquelle

703 1573 2687 149 les objets de première nécessité, tels que la nourriture et

709 1689 2659 161 les vêtements, étaient considérés comme propriété com-

709 1839 338 127 mune.

814 1916 2565 178 Toutefois, il faut bien admettre qu’à côté de la chasse

703 2055 2682 155 aux grands fauves et de la pêche en commun, il y eut de

703 2193 2676 161 tout temps des chasses et des pêches privées. Nous sommes

703 2315 2682 150 donc nécessairement amenés à reconnaître que, même dans

709 2437 2659 161 les temps les plus reculés, à côté de la propriété commune,

703 2565 2671 155 provenant des travaux accomplis en commun, on trouve

698 2675 2681 155 aussi les premiers germes de la propriété privée, résultant

703 2803 2671 138 de l’application d’efforts individuels. La règle qui attribue

681 2908 2687 155 à l’individu le produit de son travail isolé, ne fut pas, du

703 3047 2659 144 reste, aussi illimitée que paraît l’admettre M. Ziber. Vi-

703 3163 2665 149 vant en commun avec leurs parents, recevant d’eux le

698 3268 2670 161 logement, les vêtements et la nourriture, le chasseur, le

686 3401 2671 172 pêcheur et le guerrier primitifs étaient également tenus de

692 3517 2665 178 partager avec eux le produit de leur travail. L’individu

692 3639 2676 172 était à l’égard de la communauté familiale dans un état

681 3778 2681 160 de complète dépendance. Voilà pourquoi les produits de la

686 3911 2676 138 chasse privée, non consommés sur place, devenaient la

692 4022 2665 166 propriété commune de tout le feu. La moindre infraction à

686 4149 2676 144 cette règle était considérée par la coutume comme une vio-

692 4249 2665 166 lation des droits de la famille, comme une espèce de vol

686 4398 2676 144 (il va sans dire que je donne ici à ce terme la large signifi-

681 4492 2665 172 cation que les anciens Romains attachaient au mot furtum).

792 4642 2559 144 Le droit coutumier des Ossètes confirme pleinement

675 4731 2671 171 cette manière de voir. Les fusils et les vieilles armes qui

681 4864 2670 171 leur viennent de leurs aïeux sont considérés aujourd’hui

681 4997 2659 138 encore, en Ossétie, comme la propriété de toute la famille.

681 5118 2670 133 C’est le feu qui fournit à chacun les vêtements dont il a

681 5229 2665 189 besoin. On pourrait encore appliquer littéralement aux
