1005 1566
779 181 41 53 87

268 181 482 47 CHAP. II. REGIME DES BIENS CHEZ LES OSSETES.

190 242 628 28 propriété se trouvait toujours être dans quelques mains?

190 258 628 39 Elle ne le fut certainement pas. Le vrai caractère de l’an-

189 279 629 47 cien mode d’appropriation de la terre fut tout autre que

189 317 628 43 celui qu’on se figure ordinairement. Les procédés suivis

189 347 629 43 encore de nos jours par les communes agricoles de la

189 369 628 45 Russie, qui transportent le surplus de leurs populations

186 403 631 44 dans les parties éloignées de leur mark, et qui, en quelques

186 433 629 39 années, font ainsi surgir des hameaux entiers sur la terre

186 463 628 38 communale, jettent, croyons-nous, une vive lumière sur le

185 493 628 40 caractère de l’ancienne prise de possession, de l’antique

186 522 115 33 occupatio.

208 548 605 40 Cette prise de possession n’a pas lieu sur une terre va-

184 579 627 38 cante, mais sur une terre appartenant au clan; elle ne

184 608 627 37 se fait pas suivant le bon vouloir du particulier, mais de

182 632 628 43 l’avis et avec le consentement de la gens. Elle ne constitue

182 666 627 37 point la forme primitive de la propriété foncière; ce n’en

182 694 627 36 est au contraire qu’une forme dérivée. Les différences que

181 722 628 37 nous signalons ne sont pas purement théoriques, elles

181 750 626 38 sont suivies de résultats pratiques très importants. L’in-

180 777 627 39 dividu qui occupait un lot de terre n’en acquérait pas par

180 803 627 42 là seul le droit de propriété; il fallait encore le consente-

180 836 626 40 ment verbal ou tacite de la communauté qui le détenait en

178 866 627 39 sa défense; le non-consentement était considéré comme

180 895 625 40 une protestation de la part de cette dernière. Les chartes

176 925 629 38 des VIIe et VIIIe siècles, qui emploient le terme dominium ou

174 953 631 41 proprietas par rapport à la terre acquise par un travail

177 982 624 42 individuel (labore) ou par la sueur du front (sudore) (1),

177 1011 627 42 font souvent mention des contestations que soulevaient, au

176 1038 625 46 sujet du droit de propriété sur de pareils lots de terrain,

176 1066 628 41 les marken et les communautés de parents, les délégués et

176 1097 626 42 fondés de pouvoir agissant en leur nom, ou bien encore les

176 1124 624 42 seigneurs féodaux qui venaient de prendre leurs places.

176 1154 625 42 Dans les plus anciennes chartes des monastères suisses on

191 1203 609 35 (1) On trouve souvent dans les chartes de l’abbaye de Saint-Gall des VIIIe

176 1222 624 42 et IXe siècles l’expression : quod laboravi, ou quod sudore acquisivi. Wart-

181 1244 428 44 mann, Urkundenbuch der Abtei Saint-Gallen, t. I.
