<?xml version="1.0" encoding="UTF-8"?>
<alto xmlns:xsi="http://www.w3.org/2001/XMLSchema-instance"
      xmlns="http://www.loc.gov/standards/alto/ns-v4#"
      xsi:schemaLocation="http://www.loc.gov/standards/alto/ns-v4# http://www.loc.gov/standards/alto/v4/alto-4-2.xsd">
  <Description>
    <MeasurementUnit>pixel</MeasurementUnit>
    <sourceImageInformation>
      <fileName>Coutume_contemporaine_et_loi_ancienne_[...]Kovalevskij_Maksim_bpt6k1182498b_98.jpeg</fileName>
      
    </sourceImageInformation>
  </Description>
  
  <Layout>
    <Page WIDTH="1015"
          HEIGHT="1566"
          PHYSICAL_IMG_NR="2"
          ID="eSc_dummypage_">
      <PrintSpace HPOS="0"
                  VPOS="0"
                  WIDTH="1015"
                  HEIGHT="1566">
        
        <TextBlock HPOS="395"
                   VPOS="172"
                   WIDTH="290"
                   HEIGHT="35"
                   ID="eSc_textblock_5eeb82ed"
                   TAGREFS="BT">
          <Shape><Polygon POINTS="406 172 666 172 685 191 666 207 395 197 406 172"/></Shape>
          
          
          <TextLine ID="eSc_line_55597b76"
                    
                    BASELINE="399 190 680 194" 
                    HPOS="398"
                    VPOS="164"
                    WIDTH="282"
                    HEIGHT="39">
            <Shape><Polygon POINTS="399 190 399 164 680 167 680 194 679 203 398 203"/></Shape>
	    <String CONTENT="DROIT COUTUMIER OSSÉTIEN."
                    HPOS="398"
                    VPOS="164"
                    WIDTH="282"
                    HEIGHT="39"></String>
          </TextLine>

          
        </TextBlock>
        
        <TextBlock HPOS="224"
                   VPOS="172"
                   WIDTH="634"
                   HEIGHT="969"
                   ID="eSc_textblock_8822df6d"
                   TAGREFS="BT">
          <Shape><Polygon POINTS="229 172 270 172 265 207 282 214 858 229 842 1141 224 1131 229 172"/></Shape>
          
          
          <TextLine ID="eSc_line_557d25a2"
                    
                    BASELINE="229 189 265 189" 
                    HPOS="228"
                    VPOS="153"
                    WIDTH="37"
                    HEIGHT="47">
            <Shape><Polygon POINTS="229 189 229 153 265 159 265 189 263 200 228 197"/></Shape>
	    <String CONTENT="80"
                    HPOS="228"
                    VPOS="153"
                    WIDTH="37"
                    HEIGHT="47"></String>
          </TextLine>

          
          
          <TextLine ID="eSc_line_014d8044"
                    
                    BASELINE="228 233 853 240" 
                    HPOS="225"
                    VPOS="204"
                    WIDTH="628"
                    HEIGHT="42">
            <Shape><Polygon POINTS="228 233 227 208 286 204 287 204 287 204 288 204 308 210 323 214 329 210 334 206 335 206 335 206 335 206 337 206 337 206 338 206 478 206 478 206 478 206 514 214 527 217 853 221 853 240 850 246 225 240"/></Shape>
	    <String CONTENT="Ossètes, ce que M. Kharouzine disait des communes cosa-"
                    HPOS="225"
                    VPOS="204"
                    WIDTH="628"
                    HEIGHT="42"></String>
          </TextLine>

          
          
          <TextLine ID="eSc_line_b4b9a1ba"
                    
                    BASELINE="228 261 853 271" 
                    HPOS="225"
                    VPOS="237"
                    WIDTH="628"
                    HEIGHT="40">
            <Shape><Polygon POINTS="228 261 228 237 851 247 853 271 850 277 225 271"/></Shape>
	    <String CONTENT="ques du Don. « Les matières premières pour filer et tisser"
                    HPOS="225"
                    VPOS="237"
                    WIDTH="628"
                    HEIGHT="40"></String>
          </TextLine>

          
          
          <TextLine ID="eSc_line_26736477"
                    
                    BASELINE="227 289 853 300" 
                    HPOS="224"
                    VPOS="283"
                    WIDTH="629"
                    HEIGHT="23">
            <Shape><Polygon POINTS="227 289 227 283 851 284 853 300 850 306 224 296"/></Shape>
	    <String CONTENT="sont distribuées aux femmes par la plus âgée. Les parts sont"
                    HPOS="224"
                    VPOS="283"
                    WIDTH="629"
                    HEIGHT="23"></String>
          </TextLine>

          
          
          <TextLine ID="eSc_line_18465a0a"
                    
                    BASELINE="227 318 851 327" 
                    HPOS="224"
                    VPOS="293"
                    WIDTH="627"
                    HEIGHT="41">
            <Shape><Polygon POINTS="227 318 227 293 850 305 851 327 849 334 224 324"/></Shape>
	    <String CONTENT="inégales : la plus forte revient à celle qui a le plus d’en-"
                    HPOS="224"
                    VPOS="293"
                    WIDTH="627"
                    HEIGHT="41"></String>
          </TextLine>

          
          
          <TextLine ID="eSc_line_f3109dc1"
                    
                    BASELINE="227 348 851 356" 
                    HPOS="224"
                    VPOS="324"
                    WIDTH="627"
                    HEIGHT="38">
            <Shape><Polygon POINTS="227 348 227 324 850 334 851 356 849 362 224 354"/></Shape>
	    <String CONTENT="fants (1). » Mais ce sont les femmes mariées qui, chacune"
                    HPOS="224"
                    VPOS="324"
                    WIDTH="627"
                    HEIGHT="38"></String>
          </TextLine>

          
          
          <TextLine ID="eSc_line_32b1e503"
                    
                    BASELINE="227 377 850 387" 
                    HPOS="224"
                    VPOS="354"
                    WIDTH="626"
                    HEIGHT="41">
            <Shape><Polygon POINTS="227 377 227 354 849 361 850 387 847 395 224 383"/></Shape>
	    <String CONTENT="en particulier, confectionnent le linge, les vêtements, les"
                    HPOS="224"
                    VPOS="354"
                    WIDTH="626"
                    HEIGHT="41"></String>
          </TextLine>

          
          
          <TextLine ID="eSc_line_148a346d"
                    
                    BASELINE="227 407 849 416" 
                    HPOS="224"
                    VPOS="381"
                    WIDTH="625"
                    HEIGHT="41">
            <Shape><Polygon POINTS="227 407 227 381 847 392 849 416 846 422 224 413"/></Shape>
	    <String CONTENT="bonnets et autres objets semblables, aussi bien dans les val-"
                    HPOS="224"
                    VPOS="381"
                    WIDTH="625"
                    HEIGHT="41"></String>
          </TextLine>

          
          
          <TextLine ID="eSc_line_8ab36e3e"
                    
                    BASELINE="227 435 676 443" 
                    HPOS="224"
                    VPOS="407"
                    WIDTH="452"
                    HEIGHT="43">
            <Shape><Polygon POINTS="227 435 227 407 303 414 437 413 525 412 526 412 526 412 527 412 527 412 527 412 529 412 529 412 534 416 538 418 557 417 595 413 595 413 596 413 596 413 598 413 598 413 598 413 599 413 599 413 606 418 608 421 675 421 676 443 674 450 224 445"/></Shape>
	    <String CONTENT="lées du Caucase que sur les bords du Don."
                    HPOS="224"
                    VPOS="407"
                    WIDTH="452"
                    HEIGHT="43"></String>
          </TextLine>

          
          
          <TextLine ID="eSc_line_f976d579"
                    
                    BASELINE="250 464 851 475" 
                    HPOS="248"
                    VPOS="437"
                    WIDTH="603"
                    HEIGHT="44">
            <Shape><Polygon POINTS="250 464 250 437 850 452 851 475 849 481 248 471"/></Shape>
	    <String CONTENT="Nous avons vu que ce sont les femmes mariées qui, à"
                    HPOS="248"
                    VPOS="437"
                    WIDTH="603"
                    HEIGHT="44"></String>
          </TextLine>

          
          
          <TextLine ID="eSc_line_e54b3c0c"
                    
                    BASELINE="225 493 850 503" 
                    HPOS="223"
                    VPOS="464"
                    WIDTH="627"
                    HEIGHT="44">
            <Shape><Polygon POINTS="225 493 227 464 245 471 291 465 297 465 297 465 299 465 299 465 300 465 300 465 300 465 301 465 301 465 312 472 350 467 357 467 357 467 359 467 359 467 359 467 360 467 363 468 382 473 478 471 530 469 531 469 531 469 532 469 532 469 540 472 551 476 576 473 600 471 600 471 602 471 602 471 603 471 603 471 603 471 610 475 616 477 645 475 683 472 683 472 684 472 850 481 850 503 847 508 223 498"/></Shape>
	    <String CONTENT="tour de rôle, préparent les aliments dans la cuisine"
                    HPOS="223"
                    VPOS="464"
                    WIDTH="627"
                    HEIGHT="44"></String>
          </TextLine>

          
          
          <TextLine ID="eSc_line_c03f5439"
                    
                    BASELINE="227 522 850 532" 
                    HPOS="224"
                    VPOS="499"
                    WIDTH="626"
                    HEIGHT="39">
            <Shape><Polygon POINTS="227 522 227 499 849 510 850 532 847 538 224 528"/></Shape>
	    <String CONTENT="commune. Les produits de la chasse doivent donc être con-"
                    HPOS="224"
                    VPOS="499"
                    WIDTH="626"
                    HEIGHT="39"></String>
          </TextLine>

          
          
          <TextLine ID="eSc_line_c5fbed84"
                    
                    BASELINE="224 553 850 559" 
                    HPOS="222"
                    VPOS="529"
                    WIDTH="628"
                    HEIGHT="39">
            <Shape><Polygon POINTS="224 553 224 529 849 533 850 559 847 568 222 558"/></Shape>
	    <String CONTENT="sommés en commun. Le vol du bétail appartenant à des"
                    HPOS="222"
                    VPOS="529"
                    WIDTH="628"
                    HEIGHT="39"></String>
          </TextLine>

          
          
          <TextLine ID="eSc_line_d5b4d228"
                    
                    BASELINE="225 580 849 588" 
                    HPOS="223"
                    VPOS="557"
                    WIDTH="626"
                    HEIGHT="38">
            <Shape><Polygon POINTS="225 580 224 558 640 557 641 557 641 557 642 557 642 557 642 557 644 557 651 563 654 565 847 566 849 588 846 595 223 588"/></Shape>
	    <String CONTENT="étrangers, étant considéré par les Ossètes comme une des"
                    HPOS="223"
                    VPOS="557"
                    WIDTH="626"
                    HEIGHT="38"></String>
          </TextLine>

          
          
          <TextLine ID="eSc_line_6b76d013"
                    
                    BASELINE="225 608 850 617" 
                    HPOS="223"
                    VPOS="579"
                    WIDTH="627"
                    HEIGHT="44">
            <Shape><Polygon POINTS="225 608 225 579 849 593 850 617 847 623 223 614"/></Shape>
	    <String CONTENT="formes de la chasse, ce butin devenait la propriété de tout"
                    HPOS="223"
                    VPOS="579"
                    WIDTH="627"
                    HEIGHT="44"></String>
          </TextLine>

          
          
          <TextLine ID="eSc_line_42ac6505"
                    
                    BASELINE="224 636 849 644" 
                    HPOS="222"
                    VPOS="613"
                    WIDTH="627"
                    HEIGHT="43">
            <Shape><Polygon POINTS="224 636 224 613 847 621 849 644 846 656 222 644"/></Shape>
	    <String CONTENT="le feu et, à une époque plus reculée, de tout le clan. C’est"
                    HPOS="222"
                    VPOS="613"
                    WIDTH="627"
                    HEIGHT="43"></String>
          </TextLine>

          
          
          <TextLine ID="eSc_line_e36c9f32"
                    
                    BASELINE="225 665 849 673" 
                    HPOS="223"
                    VPOS="642"
                    WIDTH="626"
                    HEIGHT="37">
            <Shape><Polygon POINTS="225 665 225 642 847 647 849 673 846 679 223 672"/></Shape>
	    <String CONTENT="ce que confirment les vieilles légendes populaires des Os-"
                    HPOS="223"
                    VPOS="642"
                    WIDTH="626"
                    HEIGHT="37"></String>
          </TextLine>

          
          
          <TextLine ID="eSc_line_88b0a140"
                    
                    BASELINE="225 695 847 703" 
                    HPOS="223"
                    VPOS="672"
                    WIDTH="624"
                    HEIGHT="39">
            <Shape><Polygon POINTS="225 695 225 672 846 679 847 703 845 711 223 702"/></Shape>
	    <String CONTENT="sètes. Les héros dont elles parlent : Khamitz, Sosrouko,"
                    HPOS="223"
                    VPOS="672"
                    WIDTH="624"
                    HEIGHT="39"></String>
          </TextLine>

          
          
          <TextLine ID="eSc_line_76d61787"
                    
                    BASELINE="225 724 849 732" 
                    HPOS="223"
                    VPOS="700"
                    WIDTH="626"
                    HEIGHT="38">
            <Shape><Polygon POINTS="225 724 225 700 847 708 849 732 846 738 223 730"/></Shape>
	    <String CONTENT="Ourizmag, partagent constamment avec tous les hommes de"
                    HPOS="223"
                    VPOS="700"
                    WIDTH="626"
                    HEIGHT="38"></String>
          </TextLine>

          
          
          <TextLine ID="eSc_line_d0fafb9f"
                    
                    BASELINE="224 752 845 763" 
                    HPOS="222"
                    VPOS="726"
                    WIDTH="623"
                    HEIGHT="47">
            <Shape><Polygon POINTS="224 752 224 726 843 739 845 763 842 773 222 763"/></Shape>
	    <String CONTENT="leurs clans les troupeaux qu’ils ont enlevés. Je donnerai,"
                    HPOS="222"
                    VPOS="726"
                    WIDTH="623"
                    HEIGHT="47"></String>
          </TextLine>

          
          
          <TextLine ID="eSc_line_3ef4a666"
                    
                    BASELINE="224 781 847 790" 
                    HPOS="222"
                    VPOS="759"
                    WIDTH="625"
                    HEIGHT="39">
            <Shape><Polygon POINTS="224 781 224 759 666 759 666 759 666 759 667 759 667 759 681 766 683 766 693 766 757 760 758 760 758 760 758 760 760 760 760 760 760 760 761 760 769 767 772 768 846 768 847 790 845 798 222 789"/></Shape>
	    <String CONTENT="comme exemple, le récit concernant le plus ancien de ces"
                    HPOS="222"
                    VPOS="759"
                    WIDTH="625"
                    HEIGHT="39"></String>
          </TextLine>

          
          
          <TextLine ID="eSc_line_13be9843"
                    
                    BASELINE="224 811 847 819" 
                    HPOS="222"
                    VPOS="785"
                    WIDTH="625"
                    HEIGHT="44">
            <Shape><Polygon POINTS="224 811 224 785 846 796 847 819 845 829 222 818"/></Shape>
	    <String CONTENT="héros, Ourizmag. De retour du baltza, c’est-à-dire d’une"
                    HPOS="222"
                    VPOS="785"
                    WIDTH="625"
                    HEIGHT="44"></String>
          </TextLine>

          
          
          <TextLine ID="eSc_line_37f0fa13"
                    
                    BASELINE="224 840 849 849" 
                    HPOS="222"
                    VPOS="811"
                    WIDTH="627"
                    HEIGHT="46">
            <Shape><Polygon POINTS="224 840 224 811 849 823 849 849 846 857 222 848"/></Shape>
	    <String CONTENT="incursion chez les peuples voisins, il ordonne de partager"
                    HPOS="222"
                    VPOS="811"
                    WIDTH="627"
                    HEIGHT="46"></String>
          </TextLine>

          
          
          <TextLine ID="eSc_line_5309d2ff"
                    
                    BASELINE="223 870 847 879" 
                    HPOS="220"
                    VPOS="846"
                    WIDTH="627"
                    HEIGHT="42">
            <Shape><Polygon POINTS="223 870 223 846 846 856 847 879 845 888 220 879"/></Shape>
	    <String CONTENT="sur-le-champ, d’après le nombre des feux, les troupeaux"
                    HPOS="220"
                    VPOS="846"
                    WIDTH="627"
                    HEIGHT="42"></String>
          </TextLine>

          
          
          <TextLine ID="eSc_line_ef436354"
                    
                    BASELINE="224 900 849 908" 
                    HPOS="222"
                    VPOS="874"
                    WIDTH="627"
                    HEIGHT="42">
            <Shape><Polygon POINTS="224 900 224 874 847 883 849 908 846 916 222 906"/></Shape>
	    <String CONTENT="qu’il a enlevés. Lorsque les parts furent fixées, continue la"
                    HPOS="222"
                    VPOS="874"
                    WIDTH="627"
                    HEIGHT="42"></String>
          </TextLine>

          
          
          <TextLine ID="eSc_line_5e674c66"
                    
                    BASELINE="223 927 847 935" 
                    HPOS="220"
                    VPOS="901"
                    WIDTH="627"
                    HEIGHT="42">
            <Shape><Polygon POINTS="223 927 223 901 846 913 847 935 845 943 220 934"/></Shape>
	    <String CONTENT="légende, Ourizmag donna tout son butin aux nartes, ou"
                    HPOS="220"
                    VPOS="901"
                    WIDTH="627"
                    HEIGHT="42"></String>
          </TextLine>

          
          
          <TextLine ID="eSc_line_8e9d9437"
                    
                    BASELINE="223 956 847 965" 
                    HPOS="220"
                    VPOS="931"
                    WIDTH="627"
                    HEIGHT="45">
            <Shape><Polygon POINTS="223 956 223 931 846 940 847 965 845 976 220 964"/></Shape>
	    <String CONTENT="héros, ne gardant pour lui qu’une quantité égale à celle"
                    HPOS="220"
                    VPOS="931"
                    WIDTH="627"
                    HEIGHT="45"></String>
          </TextLine>

          
          
          <TextLine ID="eSc_line_ce184202"
                    
                    BASELINE="222 986 710 990" 
                    HPOS="219"
                    VPOS="964"
                    WIDTH="491"
                    HEIGHT="36">
            <Shape><Polygon POINTS="222 986 222 964 709 967 710 990 708 1000 219 997"/></Shape>
	    <String CONTENT="des autres et, de plus, le meilleur taureau (2)."
                    HPOS="219"
                    VPOS="964"
                    WIDTH="491"
                    HEIGHT="36"></String>
          </TextLine>

          
          
          <TextLine ID="eSc_line_94d89137"
                    
                    BASELINE="248 1013 849 1021" 
                    HPOS="245"
                    VPOS="985"
                    WIDTH="604"
                    HEIGHT="44">
            <Shape><Polygon POINTS="248 1013 249 985 274 991 334 986 339 986 339 986 340 986 351 986 451 994 501 989 512 989 512 989 513 989 513 989 521 990 555 997 847 997 849 1021 846 1029 245 1021"/></Shape>
	    <String CONTENT="Quand le butin consistait non en bétail, mais en fem-"
                    HPOS="245"
                    VPOS="985"
                    WIDTH="604"
                    HEIGHT="44"></String>
          </TextLine>

          
          
          <TextLine ID="eSc_line_e557acee"
                    
                    BASELINE="223 1042 846 1050" 
                    HPOS="220"
                    VPOS="1019"
                    WIDTH="626"
                    HEIGHT="41">
            <Shape><Polygon POINTS="223 1042 223 1019 845 1028 846 1050 843 1060 220 1049"/></Shape>
	    <String CONTENT="mes, le partage, suivant la tradition, se faisait de même"
                    HPOS="220"
                    VPOS="1019"
                    WIDTH="626"
                    HEIGHT="41"></String>
          </TextLine>

          
          
          <TextLine ID="eSc_line_f2d0c483"
                    
                    BASELINE="223 1071 846 1080" 
                    HPOS="220"
                    VPOS="1046"
                    WIDTH="626"
                    HEIGHT="42">
            <Shape><Polygon POINTS="223 1071 223 1046 845 1057 846 1080 843 1088 220 1076"/></Shape>
	    <String CONTENT="en parts égales. Nous trouvons, à ce sujet, dans la légende"
                    HPOS="220"
                    VPOS="1046"
                    WIDTH="626"
                    HEIGHT="42"></String>
          </TextLine>

          
          
          <TextLine ID="eSc_line_45a7517c"
                    
                    BASELINE="222 1098 845 1107" 
                    HPOS="219"
                    VPOS="1076"
                    WIDTH="626"
                    HEIGHT="41">
            <Shape><Polygon POINTS="222 1098 222 1076 843 1085 845 1107 842 1117 219 1105"/></Shape>
	    <String CONTENT="de Kaouerbek, des faits fort intéressants : « Pendant le"
                    HPOS="219"
                    VPOS="1076"
                    WIDTH="626"
                    HEIGHT="41"></String>
          </TextLine>

          
          
          <TextLine ID="eSc_line_60a13d28"
                    
                    BASELINE="223 1126 845 1136" 
                    HPOS="220"
                    VPOS="1101"
                    WIDTH="625"
                    HEIGHT="44">
            <Shape><Polygon POINTS="223 1126 223 1101 843 1111 845 1136 842 1145 220 1135"/></Shape>
	    <String CONTENT="baltz, c’est-à-dire pendant l’incursion de Kaouerbek en"
                    HPOS="220"
                    VPOS="1101"
                    WIDTH="625"
                    HEIGHT="44"></String>
          </TextLine>

          
        </TextBlock>
        
        <TextBlock HPOS="224"
                   VPOS="1174"
                   WIDTH="623"
                   HEIGHT="77"
                   ID="eSc_textblock_2f6790bc"
                   TAGREFS="BT">
          <Shape><Polygon POINTS="245 1174 774 1174 826 1184 847 1225 779 1251 261 1246 224 1241 245 1174"/></Shape>
          
          
          <TextLine ID="eSc_line_8e0f847f"
                    
                    BASELINE="240 1192 809 1199" 
                    HPOS="237"
                    VPOS="1165"
                    WIDTH="572"
                    HEIGHT="42">
            <Shape><Polygon POINTS="240 1192 240 1166 369 1171 408 1166 425 1165 425 1165 427 1165 427 1165 427 1165 440 1167 470 1173 548 1167 577 1166 578 1166 578 1166 578 1166 580 1166 580 1166 585 1167 600 1174 628 1169 634 1167 634 1167 634 1167 636 1167 636 1167 645 1169 697 1175 808 1170 809 1199 807 1207 237 1201"/></Shape>
	    <String CONTENT="(1) Kharouzine, Renseignements sur les communes cosaques, p. 226."
                    HPOS="237"
                    VPOS="1165"
                    WIDTH="572"
                    HEIGHT="42"></String>
          </TextLine>

          
          
          <TextLine ID="eSc_line_cbc175ba"
                    
                    BASELINE="240 1216 842 1224" 
                    HPOS="237"
                    VPOS="1194"
                    WIDTH="605"
                    HEIGHT="39">
            <Shape><Polygon POINTS="240 1216 240 1194 842 1197 842 1224 839 1233 237 1224"/></Shape>
	    <String CONTENT="(2) Voir Récits populaires des montagnards du Caucase de Djautemir"
                    HPOS="237"
                    VPOS="1194"
                    WIDTH="605"
                    HEIGHT="39"></String>
          </TextLine>

          
          
          <TextLine ID="eSc_line_a0f5f099"
                    
                    BASELINE="224 1237 782 1244" 
                    HPOS="222"
                    VPOS="1212"
                    WIDTH="560"
                    HEIGHT="51">
            <Shape><Polygon POINTS="224 1237 224 1212 781 1222 782 1244 778 1263 749 1256 700 1261 689 1261 689 1261 688 1261 688 1261 687 1261 687 1261 687 1261 685 1261 685 1261 685 1260 685 1260 679 1255 642 1259 621 1261 621 1261 620 1261 620 1261 594 1258 561 1254 553 1258 547 1260 547 1260 547 1260 546 1260 546 1260 544 1260 446 1259 446 1259 446 1259 445 1259 445 1259 444 1259 436 1254 435 1252 433 1254 425 1259 424 1259 424 1259 424 1259 423 1259 423 1259 423 1259 421 1259 421 1259 420 1259 420 1259 420 1259 407 1252 403 1250 317 1250 310 1250 266 1256 266 1256 265 1256 265 1256 265 1256 222 1247"/></Shape>
	    <String CONTENT="Shanaeff, t. III, Recueil des rens. sur les mont. du Caucase, p. 21."
                    HPOS="222"
                    VPOS="1212"
                    WIDTH="560"
                    HEIGHT="51"></String>
          </TextLine>

          
        </TextBlock>
        
        <TextBlock HPOS="770"
                   VPOS="1539"
                   WIDTH="41"
                   HEIGHT="15"
                   ID="eSc_textblock_4d555c61"
                   TAGREFS="BT">
          <Shape><Polygon POINTS="770 1539 811 1545 811 1549 770 1554 770 1539"/></Shape>
          
        </TextBlock>
        
        <TextBlock HPOS="937"
                   VPOS="1341"
                   WIDTH="20"
                   HEIGHT="14"
                   ID="eSc_textblock_49b1476e"
                   TAGREFS="BT">
          <Shape><Polygon POINTS="937 1341 952 1341 957 1355 943 1355 937 1341"/></Shape>
          
        </TextBlock>
        

        
        <TextBlock ID="eSc_dummyblock_">
          
          
          <TextLine ID="eSc_line_3be7a2c8"
                    
                    BASELINE="953 1355 953 1355" 
                    HPOS="945"
                    VPOS="1301"
                    WIDTH="8"
                    HEIGHT="189">
            <Shape><Polygon POINTS="953 1412 952 1490 945 1489 947 1355 947 1301 953 1301"/></Shape>
	    <String CONTENT=""
                    HPOS="945"
                    VPOS="1301"
                    WIDTH="8"
                    HEIGHT="189"></String>
          </TextLine>

          
        </TextBlock>
        
      </PrintSpace>
    </Page>
  </Layout>
</alto>
